@article{AeberhardBMWHAF2015,
  author  = {Michael Aeberhard and Sebastian Rauch and Mohammad Bahram and Georg Tanzmeister and Julian Thomas and Yves Pilat and Florian Homm and Werner Huber and Nico Kaempchen},
  title   = {{Experience, Results and Lessons Learned from Automated Driving on {Germany's} Highways}},
  journal = {IEEE Intelligent Transportation Systems Magazine},
  year    = {2015},
  month   = {1},
  volume  = {7},
  pages   = {42--57},
  number  = {1}
}

@phdthesis{AeberhardDissertation,
  author = {Michael Aeberhard},
  school = {TU Dortmund},
  title  = {Object-Level fusion for surround environment perception in automated driving applications},
  year   = {2017},
  month  = {5}
}

@article{Albelwi2017,
  author         = {Albelwi, Saleh and Mahmood, Ausif},
  title          = {A Framework for Designing the Architectures of Deep Convolutional Neural Networks},
  journal        = {Entropy},
  volume         = {19},
  year           = 2017,
  number         = 6,
  article-number = {242},
  url            = {https://www.mdpi.com/1099-4300/19/6/242}
}

@electronic{AuroraMedia,
  author = {Aurora},
  title  = {{Aurora Press Kit}},
  url    = {https://aurora.tech/press},
  year   = 2022
}

@techreport{AutosarCpp14,
  institution = {AUTOSAR},
  title       = {{Guidelines for the use of the C++14 language in critical and safety-related systems}},
  year        = 2022,
  month       = 11,
  key         = {839},
  url         = {https://www.autosar.org/fileadmin/standards/adaptive/22-11/AUTOSAR_RS_CPP14Guidelines.pdf}
}


@techreport{AutosarSomeIp,
  institution = {AUTOSAR},
  title       = {{SOME/IP Protocol Specification}},
  year        = 2022,
  month       = 11,
  url         = {https://www.autosar.org/fileadmin/standards/foundation/22-11/AUTOSAR_PRS_SOMEIPProtocol.pdf},
  key         = {696}
}

@inproceedings{Bansal2019,
  title       = {{ChauffeurNet}: Learning to Drive by Imitating the Best and Synthesizing the Worst},
  booktitle   = {Robotics: Science and System {XV}},
  author      = {Bansal, Mayank and Krizhevsky, Alex and Ogale, Abhijit},
  institution = {University of Freiburg},
  month       = 6,
  year        = 2019,
  location    = {Freiburg im Breisgau, Germany}
}

@electronic{BoschPressHAD,
  author = {{Bosch Group}},
  title  = {{Cars that Drive Themselves - Highway Pilot Technically Viable in Five Years}},
  url    = {http://www.bosch-presse.de/},
  month  = {9},
  year   = {2015}
}

@inproceedings{Casas2020,
  title     = {The Importance of Prior Knowledge in Precise Multimodal Prediction},
  booktitle = {{IEEE/RSJ} International Conference on Intelligent Robots and Systems ({IROS})},
  author    = {Casas, Sergio and Gulino, Cole and Suo, Simon and Urtasun, Raquel},
  pages     = {2295--2302},
  month     = 10,
  year      = 2020
}

@inproceedings{Chen2020,
  title     = {{MVLidarNet}: {Real-Time} {Multi-Class} Scene Understanding for Autonomous Driving Using Multiple Views},
  booktitle = {{IEEE/RSJ} International Conference on Intelligent Robots and Systems ({IROS})},
  author    = {Chen, Ke and Oldja, Ryan and Smolyanskiy, Nikolai and Birchfield, Stan and Popov, Alexander and Wehr, David and Eden, Ibrahim and Pehserl, Joachim},
  pages     = {2288--2294},
  month     = 10,
  year      = 2020
}

@article{CMUUrbanChallenge,
  author  = {Chris Urmson and Joshua Anhalt and Drew Bagnell and Christopher R. Baker and Robert Bittner and M. N. Clark and John M. Dolan and Dave Duggins and Tugrul Galatali and Christopher Geyer and Michele Gittleman and Sam Harbaugh and Martial Hebert and Thomas M. Howard and Sascha Kolski and Alonzo Kelly and Maxim Likhachev and Matthew McNaughton and Nick Miller and Kevin Peterson and Brian Pilnick and Raj Rajkumar and Paul E. Rybski and Bryan Salesky and Young-Woo Seo and Sanjiv Singh and Jarrod M. Snider and Anthony Stentz and William Whittaker and Ziv Wolkowicki and Jason Ziglar and Hong Bae and Thomas Brown and Daniel Demitrish and Bakhtiar Litkouhi and Jim Nickolaou and Varsha Sadekar and Wende Zhang and Joshua Struble and Michael Taylor and Michael Darms and Dave Ferguson},
  title   = {{Autonomous Driving in Urban Environments: Boss and the Urban Challenge}},
  journal = {Journal of Field Robotics},
  year    = {2008},
  volume  = {25},
  number  = {8},
  pages   = {425--466},
  month   = {8}
}

@electronic{ContinentalHAD,
  author = {Continental AG},
  title  = {{Continental Expands Automated Driving Tests on the Autobahn}},
  url    = {https://www.continental.com/en/press/press-releases/cruisingchauffeur/},
  month  = {4},
  year   = {2018}
}

@electronic{CruiseNews,
  author = {Cruise},
  title  = {{Cruise Newsroom - Images}},
  url    = {https://getcruise.com/news/},
  year   = 2021
}

@article{DaimlerBertha2014,
  author  = {Julius Ziegler and Philipp Bender and Markus Schreiber and Henning Lategahn and Tobias Strauss and Christoph Stiller and Thao Dang and Uwe Franke and Nils Appenrodt and Christoph Keller and Eberhard Kaus and Ralf Herrtwich and Clemens Rabe and David Pfeiffer and Frank Lindner and Fridtjof Stein and Friedrich Erbs and Markus Enzweiler and Carsten Kn\"{o}ppel and Jochen Hipp and Martin Haueis and Maximilian Trepte and Carsten Brenk and Andreas Tamke and Mohammad Ghanaat and Markus Braun and Armin Jobs and Hans Fritz and Horst Mock and Martin Hein and Eberhard Zeeb},
  title   = {{Making Bertha Drive - An Autonomous Journey on a Historic Route}},
  journal = {IEEE Intelligent Transportation Systems Magazine},
  year    = {2014},
  volume  = {6},
  pages   = {8--20},
  number  = {2}
}

@article{DARPAStanley,
  author  = {Sebastian Thrun and Mike Montemerlo and Hendrik Dahlkamp and David Stavens and Andrei Aron and James Diebel and Philip Fong and John Gale and Morgan Halpenny and Gabriel Hoffmann and Kenny Lau and Celia Oakley and Mark Palatucci and Vaughan Pratt and Pascal Stang and Sven Strohband and Cedric Dupont and Lars-Erik Jendrossek and Christian Koelen and Charles Markey and Carlo Rummel and Joe van Niekerk and Eric Jensen and Philippe Alessandrini and Gary Bradski and Bob Davies and Scott Ettinger and Adrian Kaehler and Ara Nefian and Pamela Mahoney},
  title   = {{Stanley: The Robot that Won the {DARPA} Grand Challenge}},
  journal = {Journal of Field Robotics},
  year    = {2006},
  volume  = {23},
  pages   = {661--692},
  number  = {9}
}

@inproceedings{Dickmanns1994,
  author    = {E.D. Dickmanns and R. Behringer and D. Dickmanns and T. Hildebrandt and M. Maurer and F. Thomanek and J. Schiehlen},
  title     = {{The Seeing Passenger Car {VaMoRs-P}}},
  booktitle = {IEEE Intelligent Vehicles Symposium},
  year      = {1994},
  pages     = {68--73},
  address   = {Paris, France},
  month     = {10}
}

@article{Dosovitskiy17,
  title     = {{{CARLA}}: {An} Open Urban Driving Simulator},
  author    = {Dosovitskiy, Alexey and Ros, German and Codevilla, Felipe and Lopez, Antonio and Koltun, Vladlen},
  editor    = {Levine, Sergey and Vanhoucke, Vincent and Goldberg, Ken},
  journal   = {Proceedings of Machine Learning Research},
  publisher = {PMLR},
  volume    = 78,
  pages     = {1--16},
  year      = 2017
}

@inproceedings{IntelRSS,
  title     = {{Risk-Aware} Safety Layer for {AV} Behavior Planning},
  booktitle = {{IEEE} Intelligent Vehicles Symposium},
  author    = {Oboril, Fabian and Scholl, Kay-Ulrich},
  pages     = {1651--1657},
  month     = 10,
  year      = 2020
}

@techreport{ISO17356,
  type        = {Standard},
  key         = {ISO 17356-3:2005},
  month       = 11,
  year        = {2005},
  title       = {{Road vehicles - Open interface for embedded automotive applications - Part 3: OSEK/VDX Operating System (OS)}},
  volume      = {2005},
  address     = {Geneva, Switzerland},
  institution = {{International Organization for Standardization}},
  url         = {https://www.iso.org/standard/40079.html}
}

@techreport{ISO21448,
  type        = {Standard},
  key         = {ISO/PAS 21448:2019},
  month       = 1,
  year        = {2019},
  title       = {{Road vehicles - Safety of the intended functionality}},
  volume      = {2019},
  address     = {Geneva, Switzerland},
  institution = {{International Organization for Standardization}},
  url         = {https://www.iso.org/standard/70939.html}
}

@techreport{ISO26262,
  type        = {Standard},
  key         = {ISO 26262-1:2018},
  month       = 12,
  year        = {2018},
  title       = {{Road vehicles - Functional safety - Part 1: Vocabulary}},
  volume      = {2018},
  address     = {Geneva, Switzerland},
  institution = {{International Organization for Standardization}},
  url         = {https://www.iso.org/standard/68383.html}
}

@article{Jo2014-na,
  title   = {Development of Autonomous {Car---Part} I: Distributed System Architecture and Development Process},
  author  = {Jo, Kichun and Kim, Junsoo and Kim, Dongchul and Jang, Chulhoon and Sunwoo, Myoungho},
  journal = {IEEE Trans. Ind. Electron.},
  volume  = 61,
  number  = 12,
  pages   = {7131--7140},
  month   = 12,
  year    = 2014
}

@article{Kalman1960,
  author  = {Kalman, Rudolph Emil},
  title   = {{A New Approach to Linear Filtering and Prediction Problems}},
  journal = {Transactions of the ASME--Journal of Basic Engineering},
  volume  = {82},
  number  = {Series D},
  pages   = {35--45},
  year    = {1960}
}

@inproceedings{Liang2019,
  title     = {{Multi-Task} {Multi-Sensor} Fusion for {3D} Object Detection},
  booktitle = {2019 {IEEE/CVF} Conference on Computer Vision and Pattern Recognition ({CVPR})},
  author    = {Liang, M and Yang, B and Chen, Y and Hu, R and Urtasun, R},
  pages     = {7337--7345},
  month     = 6,
  year      = 2019
}

@article{Ma2015,
  title   = {Efficient {Sampling-Based} Motion Planning for {On-Road} Autonomous Driving},
  author  = {Ma, Liang and Xue, Jianru and Kawabata, Kuniaki and Zhu, Jihua and Ma, Chao and Zheng, Nanning},
  journal = {IEEE Trans. Intell. Transp. Syst.},
  volume  = 16,
  number  = 4,
  pages   = {1961--1976},
  month   = 8,
  year    = 2015
}

@inproceedings{Ma2019,
  title     = {Exploiting Sparse Semantic {HD} Maps for {Self-Driving} Vehicle Localization},
  booktitle = {2019 {IEEE/RSJ} International Conference on Intelligent Robots and Systems ({IROS})},
  author    = {Ma, W and Tartavull, I and B{\^a}rsan, I A and Wang, S and Bai, M and Mattyus, G and Homayounfar, N and Lakshmikanth, S K and Pokrovsky, A and Urtasun, R},
  pages     = {5304--5311},
  month     = 11,
  year      = 2019
}

@techreport{McKinseyReport,
  author      = {Burkacky, Ondrej Burkacky and Deichmann, Johannes and Stein, {Jan Paul}},
  title       = {Automotive software and electronics 2030: Mapping the sector’s future landscape},
  institution = {McKinsey \& Company},
  year        = {2019},
  month       = {7}
}

@electronic{MercedesLevel3,
  author = {{Mercedes-Benz Group}},
  title  = {First internationally valid system approval for conditionally automated driving},
  url    = {https://group.mercedes-benz.com/innovation/product-innovation/autonomous-driving/system-approval-for-conditionally-automated-driving.html},
  year   = 2021,
  month  = 12
}

@techreport{MisraCpp,
  type        = {Standard},
  month       = 6,
  year        = {2008},
  title       = {{MISRA C++:2008 Guidelines for the use of the C++ language in critical systems}},
  institution = {{MISRA}},
  url         = {https://www.misra.org.uk/product/misra-c2008/}
}

@inproceedings{Moravec1985-ef,
  title     = {High resolution maps from wide angle sonar},
  booktitle = {Proceedings. 1985 {IEEE} International Conference on Robotics and Automation},
  author    = {Moravec, H and Elfes, A},
  volume    = 2,
  pages     = {116--121},
  month     = 3,
  year      = 1985
}

@inproceedings{Neven2018-om,
  title     = {Towards {End-to-End} Lane Detection: an Instance Segmentation Approach},
  booktitle = {2018 {IEEE} Intelligent Vehicles Symposium ({IV})},
  author    = {Neven, D and Brabandere, B D and Georgoulis, S and Proesmans, M and Gool, L V},
  pages     = {286--291},
  month     = 6,
  year      = 2018
}

@inproceedings{Roddick2019,
  title      = {Orthographic Feature Transform for Monocular {3D} Object Detection},
  booktitle  = {30th British Machine Vision Conference},
  author     = {Roddick, Thomas and Kendall, Alex and Cipolla, Roberto},
  month      = 9,
  year       = 2019,
  conference = {Cardiff, UK}
}

@article{Romera2018,
  title   = {{ERFNet}: Efficient Residual Factorized {ConvNet} for {Real-Time} Semantic Segmentation},
  author  = {Romera, E and {\'A}lvarez, J M and Bergasa, L M and Arroyo, R},
  journal = {IEEE Trans. Intell. Transp. Syst.},
  volume  = 19,
  number  = 1,
  pages   = {263--272},
  month   = 1,
  year    = 2018
}

@inproceedings{Royce70,
  title     = {Managing the development of large software systems: concepts and techniques},
  booktitle = {Proceedings of the 9th international conference on Software Engineering},
  author    = {Royce, W W},
  publisher = {IEEE Computer Society Press},
  pages     = {328--338},
  series    = {ICSE '87},
  month     = 3,
  year      = 1987,
  address   = {Washington, DC, USA},
  location  = {Monterey, California, USA}
}

@article{Scheel2019,
  title   = {Tracking Multiple Vehicles Using a Variational Radar Model},
  author  = {Scheel, Alexander and Dietmayer, Klaus},
  journal = {IEEE Trans. Intell. Transp. Syst.},
  volume  = 20,
  number  = 10,
  pages   = {3721--3736},
  month   = 10,
  year    = 2019
}

@phdthesis{TanzmeisterDissertation2016,
  author = {Georg Tanzmeister},
  school = {Technische Universit{\"a}t München},
  title  = {Grid-based environment estimation for local autonomous vehicle navigation},
  year   = {2016}
}

@inproceedings{Tas2016-sd,
  title     = {Functional system architectures towards fully automated driving},
  booktitle = {2016 {IEEE} Intelligent Vehicles Symposium ({IV})},
  author    = {Ta{\c s}, {\"O}mer {\c S}ahin and Kuhnt, Florian and Z{\"o}llner, J Marius and Stiller, Christoph},
  pages     = {304--309},
  month     = 6,
  year      = 2016
}

@phdthesis{Thomas2021-mi,
  title  = {Erstellung eines sensorbasierten Stra{\ss}enmodells f{\"u}r das automatisierte Fahren},
  author = {Thomas, Julian},
  editor = {Rojas, Ra{\'u}l},
  month  = 3,
  year   = 2021,
  school = {Freie Universit{\"a}t Berlin}
}

@inproceedings{Torngren2018,
  title     = {Architecting Safety Supervisors for High Levels of Automated Driving},
  booktitle = {2018 21st International Conference on Intelligent Transportation Systems ({ITSC})},
  author    = {T{\"o}rngren, M and Zhang, X and Mohan, N and Becker, M and Svensson, L and Tao, X and Chen, D and Westman, J},
  pages     = {1721--1728},
  month     = 11,
  year      = 2018
}

@electronic{TuSimpleMedia,
  author = {TuSimple},
  title  = {{TuSimple Press Kit}},
  url    = {https://www.tusimple.com/media/},
  year   = 2021
}

@electronic{WaymoPress,
  author = {Waymo},
  title  = {{Waymo Press - Images}},
  url    = {https://waymo.com/press/},
  year   = 2021
}

@inproceedings{Yang2018,
  title     = {{PIXOR}: Real-time {3D} Object Detection from Point Clouds},
  booktitle = {2018 {IEEE/CVF} Conference on Computer Vision and Pattern Recognition},
  author    = {Yang, B and Luo, W and Urtasun, R},
  pages     = {7652--7660},
  month     = 6,
  year      = 2018
}

@electronic{ZooxPress,
  author = {Zoox},
  title  = {{Zoox Press Room}},
  url    = {https://zoox.com/press/},
  year   = 2021
}